@article{parsec,
    author = {Leijen, Daan and Meijer, Erik},
    year = {2001},
    month = {12},
    title = {{Parsec: Direct Style Monadic Parser Combinators For The Real World}}
}

@misc{combinatorshaskell,
  author = {Heitor Toledo Lassarote de Paula},
  howpublished = {Online},
  title = {{Parser Combinators in Haskell}},
  year = {2021}
}

@misc{reactdiff,
  author = {The React Team},
  howpublished = {Online},
  title = {{Reconciliation}},
}